% Encoding: UTF-8

@Article{Papastylianou2021,
  author  = {Papastylianou, T.},
  journal = {Journal of things that should exist},
  title   = {A tidy latex project template},
  year    = {2021},
  url     = {https://github.com/tpapastylianou/A-tidy-LaTeX-project-template},
}

@Comment{jabref-meta: databaseType:bibtex;}
